@MISC {derivadaGDelta,
    TITLE = {The set where a derivative vanishes is G-delta},
    AUTHOR = {Robert Israel (https://math.stackexchange.com/users/8508/robert-israel)},
    HOWPUBLISHED = {Mathematics Stack Exchange},
    NOTE = {URL:https://math.stackexchange.com/q/1768816 (version: 2016-05-02)},
    EPRINT = {https://math.stackexchange.com/q/1768816},
    URL = {https://math.stackexchange.com/q/1768816}
}
@book{munkres00,
   author = {James R. Munkres},
   year = {2000},
   title = {Topology},
   publisher = {Prentice Hall},
   address = {Upper Saddle River, N.J.}
}
@article{weil76,
   author={Clifford E. Weil},
   title={On Nowhere Monotone Functions},
   journal={American Mathematical Society},
   volume={56},
   year=1976,
   pages={388-389}
}
@article{jones97,
   author={Sara H. Jones},
   title={Applications of the Baire Category Theorem},
   journal={Real Analysis Exchage},
   volume={23},
   year=1997,
   pages={363-394}
}
@misc{cambronero505,
    author    = "Santiago Cambronero",
    title     = "Notas del curso MA-505"
}
@misc{mathOnContUnifDer,
    title     = "Differentiation and Uniformly Convergent Sequences of Functions",
    howpublished = {\url{http://mathonline.wikidot.com/differentiation-and-uniformly-convergent-sequences-of-functi}},
    note = "[En l√≠nea; accesado 28-junio-2019]"	
}
